@ARTICLE{marsella:ema-process-model,
	AUTHOR = {Stacy C. Marsella and Jonathan Gratch},
	TITLE = {{EMA}: A process model of appraisal dynamics},
	JOURNAL = {Cognitive Systems Research},
	VOLUME = {10},
	NUMBER = {1},
	PAGES = {70-90},
	MONTH = {March},
	YEAR = {2009}
}

@ARTICLE{gratch:domain-independent,
	AUTHOR = {Jonathan Gratch and Stacy C.Marsella},
	TITLE = {A Domain-independent Framework for Modeling Emotion},
	JOURNAL = {Cognitive Systems Research},
	VOLUME = {5},
	NUMBER = {4},
	PAGES = {269-306},
	YEAR = {2004}
}

@ARTICLE{mercer:emotional-beliefs,
	AUTHOR = {Jonathan Mercer},
	TITLE = {Emotional Beliefs},
	JOURNAL = {Journal of International Organization},
	VOLUME = {64},
	NUMBER = {1},
	PAGES = {1-31},
	YEAR = {2010}
}

@ARTICLE{zhu:emotion-action,
	AUTHOR = {Jing Zhu and Paul Thagard},
	TITLE = {Emotion and Action},
	JOURNAL = {Journal of Philosophical Psychology},
	VOLUME = {15},
	NUMBER = {1},
	PAGES = {19-36},
	YEAR = {2002}
}

@ARTICLE{grosz:collaboration,
	AUTHOR = {Barbara J. Grosz and Sarit Kraus},
	TITLE = {Collaborative Plans for Complex Group Action},
	JOURNAL = {Artificial Intelligence},
	VOLUME = {86},
	NUMBER = {2},
	PAGES = {269-357},
	YEAR = {1996}
}

@ARTICLE{marinier:behavior-emotion,
	AUTHOR = {Robert P. MarinierIII and John E. Laird and Richard L. Lewis},
	TITLE = {A computational unification of cognitive behavior and emotion},
	JOURNAL = {Cognitive System Research},
	VOLUME = {10},
	NUMBER = {1},
	PAGES = {48-69},
	MONTH = {March},
	YEAR = {2009}
}

@ARTICLE{reisenzein:belief-desire,
	AUTHOR = {Rainer Reisenzein},
	TITLE = {Emotions as metarepresentational states of mind: Naturalizing the belief-desire theory of emotion},
	JOURNAL = {Cognitive System Research},
	VOLUME = {10},
	NUMBER = {1},
	PAGES = {6-20},
	MONTH = {March},
	YEAR = {2009}
}

@ARTICLE{parkinson:holds-emotion,
	AUTHOR = {Brian Parkinson},
	TITLE = {What holds emotions together? Meaning and response coordination},
	JOURNAL = {Cognitive System Research},
	VOLUME = {10},
	NUMBER = {1},
	PAGES = {31-47},
	YEAR = {2009}
}

@ARTICLE{clore:affective-guidance,
	AUTHOR = {Gerald L. Clore and Janet Palmer},
	TITLE = {Affective guidance of intelligent agents: How emotion controls cognition},
	JOURNAL = {Cognitive System Research},
	VOLUME = {10},
	NUMBER = {1},
	PAGES = {21-30},
	YEAR = {2009}
}

@ARTICLE{gratch:emotion-consequences,
	AUTHOR = {Jonathan Gratch and Stacy Marsella and Paolo Petta},
	TITLE = {Modeling the cognitive antecedents and consequences of emotion},
	JOURNAL = {Cognitive System Research},
	VOLUME = {10},
	NUMBER = {1},
	PAGES = {1-5},
	YEAR = {2009}
}

@ARTICLE{gratch:evaluating,
	AUTHOR = {Jonathan Gratch and Stacy Marsella},
	TITLE = {Evaluating a computational model of emotion},
	JOURNAL = {Journal of Autonomous Agents and Multi-Agent Systems. Special Issue on the Best of {AAMAS} 2004},
	VOLUME = {11},
	NUMBER = {1},
	PAGES = {23-43},
	MONTH = {July},
	YEAR = {2005}
}

@ARTICLE{kleef:emotion-regulate-social,
	AUTHOR = {Gerben A. Van Kleef},
	TITLE = {How Emotions Regulate Social Life: The Emotions as Social Information {(EASI)} Model},
	JOURNAL = {Current Directions in Psychological Science},
	VOLUME = {18},
	NUMBER = {3},
	PAGES = {184-188},
	YEAR = {2009}
}

@ARTICLE{trafimow:cognitive-affective-beliefs,
	AUTHOR = {David Trafimow and Paschal Sheeran},
	TITLE = {Some Tests of the Distinction between Cognitive and Affective Beliefs},
	JOURNAL = {Journal of Experimental Social Psychology},
	VOLUME = {34},
	NUMBER = {4},
	PAGES = {378-397},
	YEAR = {1998}
}

@ARTICLE{langley:cognitive-architectures,
	AUTHOR = {Pat Langley and John E. Laird and Seth Rogers},
	TITLE = {Cognitive architectures: Research issues and challenges},
	JOURNAL = {Cognitive Systems Research},
	VOLUME = {10},
	NUMBER = {2},
	PAGES = {141-160},
	YEAR = {2009}
}

@ARTICLE{arbib:brain-robot,
	AUTHOR = {Michael A. Arbib and Jean Marc Fellous},
	TITLE = {Emotions: from brain to robot},
	JOURNAL = {TRENDS in Cognitive Sciences},
	VOLUME = {8},
	NUMBER = {12},
	PAGES = {554-561},
	YEAR = {2004}
}

@ARTICLE{dario:robot-companions,
	AUTHOR = {Paolo Dario and Paul F. M. J. Verschure and Tony J. Prescott and Gordon Cheng and Giulio Sandini and Roberto Cingolani and R{\"u}diger Dillmann and
               Dario Floreano and Christophe Leroux and Sheila MacNeil and Pieter Roelfsema and Xenophon Verykios and Antonio Bicchi and Chris Melhuish and Alin Albu-Sch{\"a}ffer},
	TITLE = {Robot Companions for Citizens},
	JOURNAL = {Procedia Computer Sience},
	VOLUME = {7},
	PAGES = {47-51},
	YEAR = {2011}
}

@ARTICLE{rich:discourse,
	AUTHOR = {Charles Rich and Candace L. Sidner and Neal Lesh},
	TITLE = {{COLLAGEN}: Applying Collaborative Discourse Theory to Human-Computer Interaction},
	JOURNAL = {AI Magazine},
	VOLUME = {22},
	NUMBER = {4},
	PAGES = {15-26},
	YEAR = {2001}
}

@ARTICLE{rich:collaboration-manager,
	AUTHOR = {Charles Rich and Candace L. Sidner},
	TITLE = {{COLLAGEN}: A Collaboration Manager for Software Interface Agents},
	JOURNAL = {User Modeling User-Adapted Interaction},
	VOLUME = {8},
	NUMBER = {3-4},
	PAGES = {315-350},
	YEAR = {1998}
}

@ARTICLE{gadanho:learning-emotions,
	AUTHOR = {Sandra Clara Gadanho and John Hallam},
	TITLE = {Robot learning driven by emotions},
	JOURNAL = {AI Magazine},
	VOLUME = {9},
	NUMBER = {1},
	PAGES = {42-64},
	YEAR = {2001}
}

@ARTICLE{grosz:discourse-structure,
	AUTHOR = {Barbara J. Grosz and Candace L. Sidner},
	TITLE = {Attention, intentions, and the structure of discourse},
	JOURNAL = {Computational Linguistics},
	VOLUME = {12},
	NUMBER = {3},
	PAGES = {175-204},
	MONTH = {July},
	YEAR = {1986}
}

@ARTICLE{rich:cea,
	AUTHOR = {Charles Rich},
	TITLE = {Building Task-Based User Interfaces with {ANSI/CEA}-2018},
	JOURNAL = {IEEE Computer},
	VOLUME = {42},
	NUMBER = {8},
	PAGES = {20-27},
	MONTH = {July},
	YEAR = {2009}
}

@ARTICLE{frijda:laws-emotion,
	AUTHOR = {Nico H. Frijda},
	TITLE = {The laws of emotion},
	JOURNAL = {American Psychologist},
	VOLUME = {43},
	NUMBER = {5},
	PAGES = {349-358},
	MONTH = {May},
	YEAR = {1988}
}

@ARTICLE{levenson:emotion-functions,
	AUTHOR = {Robert W. Levenson},
	TITLE = {The Interpersonal Functions of Emotion},
	JOURNAL = {Cognition and Emotion},
	VOLUME = {13},
	NUMBER = {5},
	PAGES = {481-504},
	YEAR = {1999}
}

@ARTICLE{keltner:emotion-functions,
	AUTHOR = {Dacher Keltner and Jonathan Haidt},
	TITLE = {Social Functions of Emotions at Four Levels of Analysis},
	JOURNAL = {Cognition and Emotion},
	VOLUME = {13},
	NUMBER = {5},
	PAGES = {505-521},
	YEAR = {1999}
}

@ARTICLE{keltner:functional-accounts,
	AUTHOR = {Dacher Keltner and James J. Gross},
	TITLE = {Functional Accounuts of Emotions},
	JOURNAL = {Cognition and Emotion},
	VOLUME = {13},
	NUMBER = {5},
	PAGES = {467-480},
	YEAR = {1999}
}

@ARTICLE{tomaka:belief-appraisal,
	AUTHOR = {Joe Tomaka and Jim Blascovich},
	TITLE = {Effects of Justice Beliefs on Cognitive Appraisal of and Subjective, Physiological, and Behavioral Responses to Potential Stress},
	JOURNAL = {Journal of Personality and Social Psychology},
	VOLUME = {67},
	NUMBER = {4},
	PAGES = {732-740},
	YEAR = {1994}
}

@ARTICLE{power:mutual-intention,
	AUTHOR = {Richard Power},
	TITLE = {Mutual Intention},
	JOURNAL = {Journal for the Theory of Social Behaviour},
	VOLUME = {14},
	NUMBER = {1},
	PAGES = {85-102},
	MONTH = {March},
	YEAR = {1984}
}

@ARTICLE{scheutz:affect-role,
	AUTHOR = {Matthias Scheutz},
	TITLE = {Architectural Roles of Affect and How to Evaluate Them in Artificial Agents},
	JOURNAL	= {International Journal of Synthetic Emotions},
	VOLUME = {2},
	NUMBER = {2},
	PAGES = {48-65},
	YEAR = {2011}
}

@ARTICLE{GrossbergGutowski:affect-cognition,
	AUTHOR = {Grossberg, S. and Gutowski, W. E.},
	TITLE = {Neural dynamics of decision making under risk: Affective balance and cognitive-emotional interactions},
	JOURNAL = {Psychological Review},
	VOLUME = {94},
	NUMBER = {3},
	PAGES = {300-318},
	YEAR = {1987}
}

@ARTICLE{adam:logical-formalization,
	AUTHOR = {Adam, Carole and Herzig, Andreas and Longin, Dominique},
	TITLE = {A logical formalization of the {OCC} theory of emotions.},
	JOURNAL = {Synthese},
	VOLUME = {168},
	NUMBER = {2},
	PAGES = {201-248},
	YEAR = {2009}
}

@ARTICLE{tambe:flexible-teamwork,
    AUTHOR = {Milind Tambe},
    TITLE = {Towards flexible teamwork},
    JOURNAL = {Journal of Artificial Intelligence Research},
    VOLUME = {7},
    PAGES = {83-124},
    YEAR = {1997}
}

@ARTICLE{scherer:expression-appraisal,
    AUTHOR = {Klaus R. Scherer and Heiner Eligring},
    TITLE = {Are facial expressions of emotion produced by categorical affect programs or dynamically driven by appraisal?},
    JOURNAL = {Emotion},
    VOLUME = {7},
    NUMBER = {1},
    PAGES = {113-130},
    YEAR = {2007}
}

@ARTICLE{depaulo:nonverbal-behavior,
    AUTHOR = {Bella M. DePaulo},
    JOURNAL = {Psychological Bulletin},
    TITLE = {Nonverbal behavior and self-presentation.},
    VOLUME = {111},
    NUMBER = {2},
    PAGES = {203--243},
    YEAR = {1992}
}

@ARTICLE{levenson:affective-exchange,
    AUTHOR = {Robert W. Levenson and John M. Gottman},
    JOURNAL = {Personality and Social Psychology},
    TITLE = {Martial Interaction: Physiological Linkage and Affective Exchnage},
    VOLUME = {45},
    NUMBER = {3},
    PAGES = {587--597},
    YEAR = {1983}
}

@ARTICLE{bretherton:emotions-functionalist,
    AUTHOR = {Inge Bretherton and Janet Fritz and Carolyn Zahn-Waxler and Doreen Ridgeway},
    JOURNAL = {Child Development},
    TITLE = {Learning to Talk about Emotions: A Functionalist Perspective},
    VOLUME = {57},
    NUMBER = {3},
    PAGES = {529--548},
    YEAR = {1986}
}

@ARTICLE{scherer:vocal-expression,
    AUTHOR = {Klaus R. Scherer},
    JOURNAL = {Psychological Bulletin},
    TITLE = {Vocal affect expression: A review and a model for future research.},
    VOLUME = {99},
    NUMBER = {2},
    PAGES = {143-165},
    YEAR = {1986}
}

@ARTICLE{kruger:peer-collaboration,
    AUTHOR = {Ann Cale Kruger},
    TITLE = {Peer collaboration: conflict, cooperation, or both?},
    JOURNAL = {Social Development},
    VOLUME = {2},
    NUMBER = {3},
    PAGES = {165-182},
    YEAR = {1993}
}

@ARTICLE{cole:reciprocity-collaboration,
	AUTHOR = {Tim Cole and Bruno Teboul},
	TITLE = {Non-zero-sum collaboration, reciprocity, and the preference for similarity: Developing an adaptive model of close relational functioning},
	JOURNAL = {Personal Relationships},
	VOLUME = {11},
	NUMBER = {2},
	PAGES = {135--160},
	YEAR = {2004}
}

@ARTICLE{appleton:engagement,
	AUTHOR = {James J. Appleton and Sandra L. Christenson and Michael J. Furlong},
	TITLE = {{Student engagement with school: Critical conceptual and methodological issues of the construct}},
	JOURNAL = {Psychology in The Schools},
	VOLUME = {45},
	NUMBER = {5},
	PAGES = {369--386},
	YEAR = {2008}
}

@ARTICLE{sloman:motivation,
	AUTHOR = {Aaron Sloman},
	TITLE = {Motives, mechanisms, and emotions},
	JOURNAL = {Cognition \& Emotion},
	VOLUME = {1},
	NUMBER = {3},
	PAGES = {217--233},
	YEAR = {1987}
}

@ARTICLE{cooke:intention-behavior-consistency,
	AUTHOR = {Richard Cooke and Paschal Sheeran},
	TITLE = {Moderation of cognition-intention and cognition-behaviour relations: A meta-analysis of properties of variables from the theory of planned behaviour},
	JOURNAL = {British Journal of Social Psychology},
	VOLUME = {43},
	PAGES = {159--186},
	YEAR = {2004}
}

@ARTICLE{carley:belief-persistence,
	AUTHOR = {Kathleen Carley},
	TITLE = {On the persistence of beliefs. Working paper},
	JOURNAL = {Department of Social and Decision Sciences, Carnegie Mellon University},
	YEAR = {1990}
}

@ARTICLE{sloman:beyond-shallow,
	AUTHOR = {Aaron Sloman},
	TITLE = {Beyond shallow models of emotion},
	JOURNAL = {Cognitive Processing: International Quarterly of Cognitive Science},
	VOLUME = {2},
	NUMBER = {1},
	PAGES = {177--198},
	YEAR = {2001}
}

@ARTICLE{faucher:fear-attention,
	AUTHOR = {Luc Faucher and Christine Tappolet},
	TITLE = {Fear and the Focus of Attention},
	JOURNAL = {Consciousness and Emotion},
	VOLUME = {3},
	NUMBER = {2},
	PAGES = {105--144},
	YEAR = {2002}
}

@ARTICLE{fredrickson:positive-emotion-attention,
	AUTHOR = {Barbara L. Fredrickson and Christine Branigan},
	TITLE = {Positive Emotions Broaden the Scope of Attention and Thought‐Action Repertoires},
	JOURNAL = {Cognition and Emotion},
	VOLUME = {19},
	NUMBER = {3},
	PAGES = {313--332},
	YEAR = {2005}
}

@ARTICLE{miranda:emotions-humans-ai,
    AUTHOR = {Juan Mart$\acute{i}$nez-Miranda and Arantza Aldea},
    TITLE = {Emotions in human and artificial intelligence},
    JOURNAL = {Computers in Human Behavior},
    VOLUME = {21},
    NUMBER = {2},
    PAGES = {323--341},
    YEAR = {2005}
}

@ARTICLE{clore:judgement-regulation,
	AUTHOR = {Gerald L. Clore and Jeffrey R. Huntsinger},
	TITLE = {How emotions inform judgment and regulate thought},
	JOURNAL = {Trends in Cognitive Sciences},
	VOLUME = {11},
	NUMBER = {9},
	PAGES = {393--399},
	YEAR = {2007}
}

@ARTICLE{gross:emotion-generation-regulation,
	AUTHOR = {James J. Gross and Gal Sheppes and Heather L. Urry},
	TITLE = {Emotion Generation and Emotion Regulation: A Distinction We Should Make (Carefully)},
	JOURNAL = {Cognition and Emotion},
	VOLUME = {25},
	NUMBER = {5},
	PAGES = {765--781},
	YEAR = {2011}
}

﻿@ARTICLE{parkinson:emotions-social,
	AUTHOR = {Brian Parkinson},
	TITLE = {Emotions are social},
	JOURNAL = {British Journal of Psychology},
	VOLUME = {87},
	NUMBER = {4},
	PAGES = {663--683},
	YEAR = {1996}
}

@ARTICLE{shott:emotion-social-life,
	AUTHOR = {Susan Shott},
	TITLE = {Emotion and Social Life: A Symbolic Interactionist Analysis},
	JOURNAL = {The American Journal of Sociology},
	VOLUME = {84},
	NUMBER = {6},
	PAGES = {1317--1334},
	YEAR = {1979}
}

@ARTICLE{thoits:socialogy-emotion,
	AUTHOR = {Peggy A. Thoits},
	TITLE = {The Sociology of Emotion},
	JOURNAL = {Anuual Review of Sociology},
	VOLUME = {15},
	NUMBER = {},
	PAGES = {317--342},
	YEAR = {1989}
}

@ARTICLE{hooft:sharing-emotions,
	AUTHOR = {Stan van Hooft},
	TITLE = {Scheler on Sharing Emotions},
	JOURNAL = {Philosophy Today},
	VOLUME = {38},
	NUMBER = {1},
	PAGES = {18--28},
	YEAR = {1994}
}

@ARTICLE{kiesler:anthropomorphic,
	AUTHOR = {Sara Kiesler and Aaron Powers and Susan R. Fussell and Cristen Torrey},
	TITLE = {Anthropomorphic Interactions with a Robot and Robot-Like Agent},
	JOURNAL = {Social Cognition},
	VOLUME = {26},
	NUMBER = {2},
	PAGES = {169--181},
	YEAR = {2008}
}

@ARTICLE{zajonc:social-facilitation,
    AUTHOR = {Robert B. Zajonc},
    TITLE = {Social Facilitation},
    JOURNAL = {Science},
    VOLUME = {149},
    NUMBER = {3681},
    PAGES = {269--274},
    YEAR = {1965}
}

@ARTICLE{hess:darwin-emotion,
    AUTHOR = {Ursula Hess and Pascal Thibault},
    TITLE = {Darwin and Emotion Expression},
    JOURNAL = {American Psychologist},
    VOLUME = {64},
    NUMBER = {2},
    PAGES = {120--128},
    YEAR = {2009}
}

@ARTICLE{parkinson:emotion-communication,
	AUTHOR = {Brian Parkinson},
	TITLE = {Do Facial Movements Express Emotions or Communicate Motives?},
	JOURNAL = {Personality and Social Psychology Review},
	VOLUME = {9},
	NUMBER = {4},
	PAGES = {278--311},
	YEAR = {2005}
}

@ARTICLE{ekman:argument-emotions,
    AUTHOR = {Paul Ekman},
    TITLE = {An argument for basic emotions},
    JOURNAL = {Cognition \& Emotion},
    VOLUME = {6},
    NUMBER = {3-4},
    PAGES = {169--200},
    YEAR = {1992}
}

@ARTICLE{hazan:emotion-attachment,
    AUTHOR = {Cindy Hazan and Phillip Shaver},
    TITLE = {Romantic Love Conceptualized As An Attachment Process},
    JOURNAL = {Personality \& Social Psychology},
    VOLUME = {52},
    NUMBER = {3},
    PAGES = {511--524},
    YEAR = {1987}
}

@ARTICLE{lin:computational-models-emotion,
	AUTHOR = {Jerry Lin and Marc Spraragen and Michael Zyda},
	TITLE = {Computational models of emotion and cognition},
	JOURNAL = {Advances in Cognitive Systems},
	VOLUME = {2},
	PAGES = {59--76},
	YEAR = {2012}
}

@ARTICLE{broekens:affect-action-selection,
    AUTHOR = {Joost Broekens and Walter A. Kosters and Fons J. Verbeek},
    TITLE = {On Affect and Self-Adaptation: Potential Benefits of Valence-Controlled Action-Selection},
    JOURNAL = {In: J. Mira and J.R. Álvarez (Eds.), IWINAC 2007, Part I, LNCS},
    PAGES = {357--366},
    YEAR = {2007}
}

@ARTICLE{rumbell:comparative-emotions-functions,
	AUTHOR = {Timothy H. Rumbell and John A. Barnden and Susan L. Denham and Thomas Wennekers},
	TITLE = {Emotions in autonomous agents: comparative analysis of mechanisms and functions},
	JOURNAL = {Autonomous Agents and Multi-Agent Systems},
	VOLUME = {25},
	NUMBER = {1},
	PAGES = {1--45},
	YEAR = {2012}
}

@ARTICLE{botelho:machinery-emotions,
	AUTHOR = {Lu{\'{\i}}s Miguel Botelho and Helder Coelho},
	TITLE = {Machinery for Artificial Emotions},
	JOURNAL = {Cybernetics and Systems},
	VOLUME = {32},
	NUMBER = {5},
	PAGES = {465--506},
	YEAR = {2001}
}

@ARTICLE{bates:emotion-roles,
	AUTHOR = {Joseph Bates},
	TITLE = {The Role of Emotion in Believable Agents},
	JOURNAL = {Commun. ACM},
	VOLUME = {37},
	NUMBER = {7},
	PUBLISHER = {ACM},
	PAGES = {122--125},
	YEAR = {1994}
} 

@ARTICLE{kirby:social-robots,
   AUTHOR = {Rachel Kirby and Jodi Forlizzi and Reid Simmons},
   TITLE = {Affective Social Robots},
   JOURNAL = {Robotics and Autonomous Systems},
   VOLUME = {58},
   PAGES = {322},
   YEAR = {2010}
}

@ARTICLE{hudlicka:affect-HRI,
	AUTHOR = {Eva Hudlicka},
	TITLE = {To feel or not to feel: The role of affect in human-computer interaction},
	JOURNAL = {International Journal of Human-Computer Studies},
	VOLUME = {59},
	NUMBER = {1-2},
	PAGES = {1--32},
	YEAR = {2003}
}

@ARTICLE{morse:robotic-modelling-cognition,
	AUTHOR = {Anthony F. Morse and Carlos Herrera and Robert Clowes and Alberto Montebelli and Tom Ziemke},
	TITLE = {The role of robotic modelling in cognitive science},
	JOURNAL = {New ideas in psychology},
	VOLUME = {29},
	NUMBER = {3},
	PAGES = {312--324},
	YEAR = {2011}
}

@ARTICLE{canamero:emotion-robot-perspective,
    AUTHOR = {Lola Ca\~{n}amero},
    TITLE = {Emotion understanding from the perspective of autonomous robots research},
    JOURNAL = {Neural Networks},
    VOLUME = {18},
    NUMBER = {4},
    PAGES = {445--455},
    YEAR = {2005}
}

@ARTICLE{thorisson:cognitive-architectures-autonomy,
	AUTHOR = {Kristinn R. Th\'{o}risson and Helgi P. Helgason},
	TITLE = {Cognitive Architectures and Autonomy: A Comparative Review},
	JOURNAL = {Journal of Artificial General Intelligence},
	VOLUME = {3},
    NUMBER = {2},
	PAGES = {1--30},
	YEAR = {2012}
}

@ARTICLE{chong:cognitive-architectures-survey,
	AUTHOR = {Hui Qing Chong and Ah Hwee Tan and Gee Wah Ng},
	TITLE = {Integrated Cognitive Architectures: A Survey},
	JOURNAL = {Artificial Intelligence Review},
	VOLUME = {28},
	NUMBER = {2},
	PUBLISHER = {Springer Netherlands},
	PAGES = {103--130},
	YEAR = {2007}
}

@ARTICLE{dautenhahn:social-autonomous-robots,
    AUTHOR = {Kerstin Dautenhahn},
    TITLE = {Getting to Know Each Other - Artificial Social Intelligence for Autonomous Robots},
    JOURNAL = {Robotics and Autonomous Systems},
    VOLUME = {16},
    PAGES = {333--356},
    YEAR = {1995}
}

@ARTICLE{cai:affective-model-psi,
	AUTHOR = {Zhenhua Cai and Ben Goertzel and Changle Zhou and Yongfeng Zhang and Min Jiang and Gino Yu},
	TITLE = {Dynamics of a computational affective model inspired by D$\ddot{o}$rner’s {PSI} theory},
	JOURNAL = {Cognitive Systems Research},
	VOLUME = {17--18},
	PAGES = {63--80},
	YEAR = {2012}
}

@ARTICLE{ray:self-sustaining-architecture,
	AUTHOR = {Anjan Kumar Ray and Gang Leng and T.M. McGinnity and Sonya Coleman and Liam Maguire},
	TITLE = {Development of a Self Sustaining Cognitive Architecture},
	JOURNAL = {Biologically Inspired Cognitive Architectures},
	VOLUME = {6},
	PAGES = {96--108},
	YEAR = {2013}
}

@ARTICLE{samsonovich:emotional-biologically-architecture,
	AUTHOR = {Alexei V. Samsonovich},
	TITLE = {Emotional biologically inspired cognitive architecture},
	JOURNAL = {Biologically Inspired Cognitive Architectures},
	VOLUME = {6},
	PAGES = {109--125},
	YEAR = {2013}
}

@ARTICLE{dancy:actR-physiology-affect,
	AUTHOR = {Christopher L. Dancy},
	TITLE = {{ACT-R}$\Phi$: A cognitive architecture with physiology and affect},
	JOURNAL = {Biologically Inspired Cognitive Architectures},
	VOLUME = {6},
	PAGES = {40--45},
	YEAR = {2013}
}

@ARTICLE{asada:cognitive-robotics-humanoid,
    AUTHOR = {Minoru Asada and Karl F. Macdorman and Hiroshi Ishiguro and Yasuo Kuniyoshi},
    TITLE = {Cognitive developmental robotics as a new paradigm for the design of humanoid robots},
    JOURNAL = {Robotics and Autonomous Systems},
    VOLUME = {37},
    PAGES = {185--193},
    YEAR = {2001}
}

@ARTICLE{kelley:cognitive-robotics-psychology,
	AUTHOR = {Troy D. Kelley and Daniel N. Cassenti},
	TITLE = {Theoretical explorations of cognitive robotics using developmental psychology},
	JOURNAL = {New Ideas in Psychology},
	VOLUME = {29},
	NUMBER = {3},
	PAGES = {228--234},
	YEAR = {2011}
}

@ARTICLE{mirolli:vygotskyan-cognitive-robotics,
    AUTHOR = {Marco Mirolli and Domenico Parisi},
    TITLE = {Towards a Vygotskyan cognitive robotics: The role of language as a cognitive tool},
    JOURNAL = {New Ideas in Psychology},
    VOLUME = {29},
    NUMBER = {3},
    PAGES = {298--311},
    YEAR = {2011}
}

@ARTICLE{d'mello:computational-functional-modeling,
	AUTHOR = {Sidney D'Mello and Stan Franklin},
	TITLE = {Computational modeling/cognitive robotics complements functional modeling/experimental psychology},
	JOURNAL = {New Ideas in Psychology},
	VOLUME = {29},
	NUMBER = {3},
	PAGES = {217--227},
	YEAR = {2011}
}

@ARTICLE{dominey:shared-intention-cognition,
    AUTHOR = {Peter Ford Dominey and Felix Warneken},
    TITLE = {The basis of shared intentions in human and robot cognition},
    JOURNAL = {New Ideas in Psychology},
    VOLUME = {29},
    NUMBER = {3},
    PAGES = {260--274},
    YEAR = {2011}
}

@ARTICLE{baxter:cognitive-architecture-hri,
	AUTHOR = {Paul Baxter and Joachim de Greeff and Tony Belpaeme},
	TITLE = {{C}ognitive {A}rchitecture for {H}uman-{R}obot {I}nteraction: {T}owards {B}ehavioural {A}lignment},
	JOURNAL = {Journal of Biologically Inspired Cognitive Architectures},
	VOLUME = {6},
	PAGES = {30--39},
	YEAR = {2013}
}

@ARTICLE{kim:model-hri-appraisal,
	AUTHOR = {Hyoung-Rock Kim and Dong-Soo Kwon},
	TITLE = {Computational Model of Emotion Generation for Human-Robot Interaction Based on the Cognitive Appraisal Theory},
	JOURNAL = {Journal of Intelligent and Robotic Systems},
	VOLUME = {60},
	NUMBER = {2},
	PUBLISHER = {Kluwer Academic Publishers},
	PAGES = {263--283},
	YEAR = {2010}
}

@ARTICLE{hareli:emotional-reaction-perception,
    AUTHOR = {Shlomo Hareli and Ursula Hess},
    TITLE = {What emotional reactions can tell us about the nature of others: An appraisal perspective on person perception},
    JOURNAL = {Cognition \& Emotion},
    VOLUME = {24},
    NUMBER = {1},
    PUBLISHER = {Routledge},
    PAGES = {128--140},
    YEAR = {2009}
}

@ARTICLE{sander:systems-approach-appraisal,
    AUTHOR = {David Sander and Didier Grandjean and Klaus R. Scherer},
    TITLE = {A Systems Approach to Appraisal Mechanisms in Emotion},
    JOURNAL = {Neural Networks},
    VOLUME = {18},
    NUMBER = {4},
    PUBLISHER = {Elsevier Science Ltd.},
    PAGES = {317--352},
    YEAR = {2005}
}

@ARTICLE{scherer:sequential-appraisal-process,
    AUTHOR = {Klaus R. Scherer},
    TITLE = {On the Sequential Nature of Appraisal Processes: Indirect Evidence from a Recognition Task},
    JOURNAL = {Cognition \& Emotion},
    VOLUME = {13},
    NUMBER = {6},
    PAGES = {763--793},
    YEAR = {1999}
}

@ARTICLE{folkman:coping-pitfalls-promise,
    AUTHOR = {Susan Folkman and Judith T. Moskowitz},
    TITLE = {Coping: Pitfalls and promise},
    JOURNAL = {Annual Review of Psychology},
    VOLUME = {55},
    PAGES = {745--774},
    YEAR = {2004}
}

@ARTICLE{paulus:emotion-decision-belief,
	AUTHOR = {Martin P. Paulus and Angela J. Yu},
    TITLE = {Emotion and decision-making: affect-driven belief systems in anxiety and depression},
    JOURNAL = {Trends in cognitive sciences},
    VOLUME = {16},
    NUMBER = {9},
    PUBLISHER = {Elsevier Science},
    PAGES = {476--483},
    YEAR = {2012}
}

@ARTICLE{pomerol:ai-decision-making,
    AUTHOR = {Jean-charles Pomerol},
    TITLE = {Artificial Intelligence And Human Decision Making},
    JOURNAL = {European Journal of Operational Research},
    VOLUME = {99},
    PAGES = {3--25},
    YEAR = {1997}
}

@ARTICLE{parrott:appraisal-social-emotions,
    AUTHOR = {W. Gerrod Parrott},
    TITLE = {Appraisal, emotion words, and the social nature of self-conscious emotions},
    JOURNAL = {Psychological Inquiry},
    VOLUME = {15},
    NUMBER = {2},
    PAGES = {136--138},
    YEAR = {2004}
}

@ARTICLE{worden:primate-social-intelligence,
	AUTHOR = {Robert P. Worden},
	TITLE = {Primate Social Intelligence},
	JOURNAL = {Cognitive Science},
	VOLUME = {20},
	NUMBER = {4},
	PAGES = {579--616},
	YEAR = {1996}
}

@ARTICLE{wexler:emotional-intelligence-appraisal,
	AUTHOR = {Mark N. Wexler},
	TITLE = {Emotional intelligence: a review and appraisal},
	JOURNAL = {The Journal of Public Management},
	VOLUME = {30},
	NUMBER = {2},
	PAGES = {1--8},
	YEAR = {2000}
}

@ARTICLE{beheshtifar:social-intelligence-leadership,
	AUTHOR = {Malikeh Beheshtifar and Fateme Roasaei},
	TITLE = {Emotional intelligence: a review and appraisal},
	JOURNAL = {The Journal of Public Management},
	VOLUME = {28},
	NUMBER = {2},
	PAGES = {197--203},
	YEAR = {2012}
}

@ARTICLE{bradberry:ability-skill-intelligence,
    AUTHOR = {Travis R. Bradberry and Lac D. Su},
    TITLE = {Ability-versus skill-based assessment of emotional intelligence},
    JOURNAL = {Psicothema},
    VOLUME = {18},
    NUMBER = {Suppl},
    PAGES = {59--66},
    YEAR = {2006}
}

@ARTICLE{keating:search-social-intelligence,
    AUTHOR = {Daniel P. Keating},
    TITLE = {A search for social intelligence},
    JOURNAL = {Journal of Educational psychology},
    VOLUME = {70},
    PAGES = {218--223},
    YEAR = {1978}
}

@ARTICLE{si:modeling-appraisal-tom,
	AUTHOR = {Mei Si and Stacy C. Marsella and David V. Pynadath},
	TITLE = {Modeling appraisal in theory of mind reasoning},
	JOURNAL = {Journal of Autonomous Agents and Multi-Agent Systems},
	VOLUME = {20},
	NUMBER = {1},
	PAGES = {14--31},
	YEAR = {2010}
}

@ARTICLE{fussell:knowledge-coordination-communication,
	AUTHOR = {Susan R. Fussell and Robert M. Krauss},
	TITLE = {Coordination of knowledge in communication: Effects of speakers' assumptions about what others know},
	JOURNAL = {Journal of personality and social psychology},
	VOLUME = {62},
	NUMBER = {1},
	PAGES = {378--391},
	YEAR = {1992}
}

@ARTICLE{eligio:emotion-understanding-collaboration,
	AUTHOR = {Ulises Xolocotzin Eligio and Shaaron E. Ainsworth and Charles K. Crook},
	TITLE = {Emotion Understanding and Performance During Computer-supported Collaboration},
	JOURNAL = {Computers in Human Behavavior},
	VOLUME = {28},
	NUMBER = {6},
	PUBLISHER = {Elsevier Science Publishers B. V.},
	PAGES = {2046--2054},
	YEAR = {2012},
} 

@ARTICLE{si:modeling-appraisal-tom-journal,
	AUTHOR = {Mei Si and Stacy C. Marsella and David V. Pynadath},
	TITLE = {Modeling appraisal in theory of mind reasoning},
	JOURNAL = {Autonomous Agents and Multi-Agent Systems},
	VOLUME = {20},
	NUMBER = {1},
	PAGES = {14--31},
	YEAR = {2010}
}

@ARTICLE{scassellati:tom-humanoid-robot,
	AUTHOR = {Brian Scassellati},
	TITLE = {Theory of Mind for a Humanoid Robot},
	JOURNAL = {Autonomous Robots},
	VOLUME = {12},
	NUMBER = {1},
	PUBLISHER = {Kluwer Academic Publishers},
	PAGES = {13--24},
	YEAR = {2002}
} 

@ARTICLE{ryan:intrinsic-extrinsic-motivations,
    AUTHOR = {Richard M. Ryan and Edward L. Deci},
    TITLE = {Intrinsic and extrinsic motivations: Classic definitions and new directions},
    JOURNAL = {Contemporary Educational Psychology},
    VOLUME = {25},
	NUMBER = {1},
    PAGES = {54--67},
    YEAR = {2000}
}

@ARTICLE{simon:motivation-emotion-cognition,
    AUTHOR = {Herbert A. Simon},
    TITLE = {Motivational and emotional controls of cognition},
    JOURNAL = {Psychology Review},
    VOLUME = {74},
    NUMBER = {1},
    PAGES = {29--39},
    YEAR = {1967}
}

@ARTICLE{grant:model-intention-formation,
	AUTHOR = {John Grant and Sarit Kraus and Donald Perlis},
	TITLE = {A Logic-based Model of Intention Formation and Action for Multi-agent Subcontracting},
	JOURNAL = {Artificial Intelligence},
	VOLUME = {163},
	NUMBER = {2},
	PAGES = {163--201},
	PUBLISHER = {Elsevier Science Publishers Ltd.},
	ADDRESS = {Essex, UK},
	YEAR = {2005}
} 

@ARTICLE{berridge:motivation-concepts-neuroscience,
	AUTHOR = {Kent C. Berridge},
	TITLE = {Motivation concepts in behavioral neuroscience},
	JOURNAL = {Physiology \& Behavior},
	VOLUME = {81},
	NUMBER = {2},
	PAGES = {179--209},
	YEAR = {2004}
}

@ARTICLE{sellers:comprehensive-emotion-theory,
	AUTHOR = {Michael Sellers},
	TITLE = {Toward a comprehensive theory of emotion for biological and artificial agents},
	JOURNAL = {Biologically Inspired Cognitive Architectures},
	VOLUME = {4},
	PAGES = {3--26},
	YEAR = {2013}
}

@ARTICLE{zurbriggen:linking-motives-emotions,
	AUTHOR = {Eileen L. Zurbriggen and Ted S. Sturman},
	TITLE = {Linking Motives and Emotions: A Test of McClelland's Hypotheses},
	JOURNAL = {Personality and Social Psychology},
	VOLUME = {28},
	NUMBER = {4},
	PAGES = {521--535},
	YEAR = {2002}
}

@ARTICLE{merrick:acheievement-affiliation-power,
    AUTHOR = {Kathryn E. Merrick and Kamran Shafi},
    TITLE = {Achievement, affiliation, and power: {Motive} profiles for artificial agents},
    JOURNAL = {Adaptive Behavior},
    VOLUME = {19},
    NUMBER = {1},
    PUBLISHER = {Sage Publications, Inc.},
    PAGES = {40--62},
    YEAR = {2011}
}

@ARTICLE{bach:micropsi-agent-architecture,
    AUTHOR = {Joscha Bach},
    TITLE = {{The MicroPsi Agent Architecture}},
    JOURNAL = {In Proceeding of ICCM-5},
    PAGES = {15--20},
    YEAR = {2003}
}

@ARTICLE{johnson:emotions-rationality-theory,
    AUTHOR = {P. N. Johnson-laird and Keith Oatley},
    TITLE = {Basic emotions, rationality, and folk theory},
    JOURNAL = {Cognition \& Emotion},
    VOLUME = {6},
    NUMBER = {3},
    PUBLISHER = {Psychology Press},
    PAGES = {201--223},
    YEAR = {1992}
}

@ARTICLE{green:collaboration-literature-review,
    AUTHOR = {Scott A. Green and Mark Billinghurst and XiaoQi Chen and J. Geoffrey Chase},
    TITLE = {Human-robot collaboration: {A} literature review and augmented reality approach in design},
    JOURNAL = {International Journal of Advanced Robotic Systems},
    VOLUME = {5},
    NUMBER = {1},
    PAGES = {1--18},
    YEAR = {2008}
}

@ARTICLE{clancey:agent-assistants-collaboration,
    AUTHOR = {William J. Clancey},
    TITLE = {Roles for Agent Assistants in Field Science: Understanding Personal Projects and Collaboration},
    JOURNAL = {IEEE Transactions on Systems, Man and Cybernetics, special issue on Human-Robot Interaction},
    VOLUME = {34},
    NUMBER = {2},
    PAGES = {125--137},
    YEAR = {2004}
}

@ARTICLE{sofge:collaboration-humanoid-space,
	AUTHOR = {Donald Sofge and Magdalena D. Bugajska and J. Gregory Trafton and Dennis Perzanowski and Scott Thomas and Marjorie Skubic and Samuel Blisard and Nicholas Cassimatis and Derek P. Brock and William Adams and Alan C. Schultz},
	TITLE = {Collaborating with Humanoid Robots in Space},
	JOURNAL = {International Journal of Humanoid Robotics},
	VOLUME = {2},
	NUMBER = {2},
	PAGES = {181-201},
	YEAR = {2005}
}

@ARTICLE{grosz:intention-dynamics-collaboration,
    AUTHOR = {Barbara J. Grosz and Luke Hunsberger},
    TITLE = {The dynamics of intention in collaborative activity},
    JOURNAL = {Cognitive Systems Research},
    VOLUME = {7},
    NUMBER = {2-3},
    PAGES = {259--272},
    YEAR = {2007}
}

@ARTICLE{lochbaum:collaborative-planning,
	AUTHOR = {Karen E Lochbaum},
	TITLE = {A collaborative planning model of intentional structure},
	JOURNAL = {Computational Linguistics},
	VOLUME = {24},
	NUMBER = {4},
	PUBLISHER = {MIT Press},
	PAGES = {525--572},
	YEAR = {1998}
}

@ARTICLE{erman:hearsay-blackboard,
	AUTHOR = {Lee D. Erman and Frederick Hayes-Roth and Victor R. Lesser and D. Raj Reddy},
	TITLE = {The {Hearsay-II} Speech-Understanding System: Integrating Knowledge to Resolve Uncertainty},
	JOURNAL = {ACM Computing Surveys},
	VOLUME = {12},
	NUMBER = {2},
	PAGES = {213--253},
	YEAR = {1980}
}

@ARTICLE{durfee:planning-blackboard,
	AUTHOR = {Edmund Durfee and Victor Lesser},
  	TITLE = {Incremental Planning to Control a Blackboard-based Problem Solver},
  	JOURNAL = {Proceedings of the Fifth National Conference on Artificial Intelligence},
  	VOLUME = {1},
  	PUBLISHER = {Morgan Kaufmann},
  	PAGES = {58--64},
  	MONTH = {August},
  	YEAR = {1986}
}

@ARTICLE{lesser:vehicle-monitoring-blackboard,
	AUTHOR = {V. R. Lesser and D.D Corkill},
	TITLE = {The Distributed Vehicle Monitoring Testbed: A Tool for Investigating Distributed Problem Solving Networks},
	JOURNAL = {AI Magazine},
	VOLUME = {4},
	NUMBER = {3},
	PAGES = {15--33},
	YEAR = {1983}
}

@article{maksym:signals-blackboard,
	AUTHOR = {Joseph N. Maksym and Anthony J. Bonner and C. Ann Dent and Gavin L. Hemphill},
	TITLE = {Machine analysis of acoustical signals},
	JOURNAL = {Pattern Recognition},
	VOLUME = {16},
	NUMBER = {6},
	PAGES = {615--625},
	YEAR = {1983}
}

@INPROCEEDINGS{nirenburg:langauge-blackboard,
	AUTHOR = {S. Nirenburg and V. Lesser and E. H. Nyberg},
	TITLE = {Controlling a Language Generation Planner},
	BOOKTITLE = {IJCAI-89},
	PAGES = {1524--1530},
	YEAR = {1989}
}


@INPROCEEDINGS{hayes:planning-blackboard,
	AUTHOR = {Barbara Hayes-Roth and Frederick Hayes-Roth and Stan Rosenschein and Stephanie Cammarata},
	TITLE = {Modeling Planning As an Incremental, Opportunistic Process},
	BOOKTITLE = {Proceedings of the 6th International Joint Conference on Artificial Intelligence - Volume 1},
	PAGES = {375--383},
	PUBLISHER = {Morgan Kaufmann Publishers Inc.},
	YEAR = {1979}
} 

@INPROCEEDINGS{burghart:cognitive-architecture-robot,
    AUTHOR = {Catherina Burghart and RalfMikut and Rainer Stiefelhagen and Tamim Asfour and Hartwig Holzapfel and Peter Steinhaus and Ruediger Dillmann},
    TITLE = {A cognitive architecture for a humanoid robot: {A} first approach},
    BOOKTITLE = {5th IEEE-RAS International Conference on Humanoid Robots},
    PAGES = {357--362},
    YEAR = {2005}
}

@INPROCEEDINGS{kaplan:collaboration-cognition,
	AUTHOR = {Rachel Kaplan},
	TITLE = {Collaboration from a cognitive perspective: {S}haring models across expertise},
	BOOKTITLE = {Environmental Design Research Association},
	PAGES = {45--51},
	YEAR = {1990}
}

@INPROCEEDINGS{miranda:teamwork-multiagent-system,
	AUTHOR = {Juan Mart$\acute{i}$nez-Miranda and Arantza Aldea and Ren$\acute{e}$ Ba$\tilde{n}$ares-Alc$\acute{a}$ntara},
	TITLE = {Simulation of work teams using a multi-agent system},
	BOOKTITLE = {The Second International Joint Conference on Autonomous Agents {\&} Multiagent Systems {AAMAS}, July 14-18, Melbourne, Victoria, Australia},
	PAGES = {1064--1065},
	YEAR = {2003}
}

@INPROCEEDINGS{esau:integrating-emotion-collaboration,
	AUTHOR = {Natascha Esau and Lisa Kleinjohann and Bernd Kleinjohann},
	TITLE = {Integrating Emotional Competence into Man-Machine Collaboration},
	BOOKTITLE = {Biologically-Inspired Collaborative Computing, September 8-9, Milano, Italy},
	PAGES = {187--198},
	YEAR = {2008}
}

@INPROCEEDINGS{garcia:collaboration-emotional-awareness,
    AUTHOR = {Octavio Garc$\acute{i}$a and Jess$\acute{u}$s Favela and Guillermo Licea and Roberto Machorro},
    TITLE = {Extending a Collaborative Architecture to Support Emotional Awareness},
    BOOKTITLE = {Emotion Based Agent Architectures (ebaa’99},
    PAGES = {46--52},
    YEAR = {1999}
}

@INPROCEEDINGS{deSevin:motivational-model-agent,
	AUTHOR = {Etienne de Sevin and Daniel Thalmann},
	TITLE = {A Motivational Model of Action Selection for Virtual Humans},
	BOOKTITLE = {Proceedings of the Computer Graphics International 2005},
	SERIES = {CGI '05},
	PAGES = {213--220},
 	PUBLISHER = {IEEE Computer Society},
	ADDRESS = {Washington, DC, USA},
	YEAR = {2005}
} 

@INPROCEEDINGS{bach:next-generation-micropsi,
	AUTHOR = {Joscha Bach},
	TITLE = {MicroPsi 2: The Next Generation of the Micropsi Framework},
	BOOKTITLE = {Proceedings of the 5th International Conference on Artificial General Intelligence},
	SERIES = {AGI'12},
	PAGES = {11--20},
	PUBLISHER = {Springer-Verlag},
	YEAR = {2012}
}

@INPROCEEDINGS{breazeal:motivation-regulating-hri,
	AUTHOR = {Cynthia Breazeal},
	TITLE  = {A Motivational System for Regulating Human-Robot Interaction},
	BOOKTITLE = {Proceedings of the Fifteenth National Conference on Artificial Intelligence and Tenth Innovative Applications of Artificial Intelligence Conference, {AAAI} 98, {IAAI} 98, July 26-30, 1998, Madison, Wisconsin, {USA.}},
	PAGES = {54--61},
	YEAR = {1998}
}

@INPROCEEDINGS{velasquez:emotions-motivations-agents,
    AUTHOR = {Juan D. Vel$\grave{a}$squez},
    TITLE = {Modeling Emotions and Other Motivations in Synthetic Agents},
    BOOKTITLE = {Proceedings of the 14th Nnational Conference on Artificial Intelligence AAAI-97},
    PAGES = {10--15},
    YEAR = {1997}
}

@INPROCEEDINGS{hiatt:cognitive-model-tom,
	AUTHOR = {Laura M. Hiatt and J. Gregory Trafton},
	TITLE = {A Cognitive Model of Theory of Mind},
	BOOKTITLE = {In Proceedings of the International Conference on Cognitive Modeling},
	PAGES = {91--96},
	YEAR = {2010}
}

@INPROCEEDINGS{gmytrasiewicz:emotion-agent-decision,
	AUTHOR = {Piotr J. Gmytrasiewicz and Christine L. Lisetti},
	TITLE = {Emotions and Personality in Agent Design and Modeling},
	BOOKTITLE = {ATAL},
	PUBLISHER = {Springer},
	EDITOR = {John-Jules Ch. Meyer and Milind Tambe},
	VOLUME = {2333},
	SERIES = {Lecture Notes in Computer Science},
	PAGES = {21--31},
	YEAR = {2001}
}

@INPROCEEDINGS{adam:bdi-emotional-companion,
	AUTHOR = {Carole Adam and Emiliano Lorini},
	TITLE = {A {BDI} Emotional Reasoning Engine for an Artificial Companion},
	BOOKTITLE = {Workshop on Agents and multi-agent Systems for AAL and e-HEALTH (PAAMS)},
	PUBLISHER = {Springer},
	VOLUME = {430},
	PAGES = {66--78},
	YEAR = {2014}
}

@INPROCEEDINGS{hudlicka:modeling-emotion,
	AUTHOR = {Eva Hudlicka},
	TITLE = {What Are We Modeling When We Model Emotion?},
	BOOKTITLE = {AAAI Spring Symposium: Emotion, Personality, and Social Behavior},
	PUBLISHER = {AAAI},
	PAGES = {52--59},
	YEAR = {2008}
}

@INPROCEEDINGS{scheutz:emotional-states-behavior,
    AUTHOR = {Matthias Scheutz and Aaron Sloman and Brian Logan},
    TITLE = {Emotional States and Realistic Agent Behaviour},
    BOOKTITLE = {SOCIETY FOR COMPUTER SIMULATION},
    PAGES = {81--88},
    YEAR = {2000}
}

@INPROCEEDINGS{sloman:robots-emotion,
    AUTHOR = {Aaron Sloman and Monica Croucher},
    TITLE = {Why Robots Will Have Emotions},
    BOOKTITLE = {In Proceeding 7th International Joint Conference on AI},
    PAGES = {197--202},
    YEAR = {1981}
}

@INPROCEEDINGS{guiraud:emotions-formalization-speech-acts,
	AUTHOR = {Nadine Guiraud and Dominique Longin and Emiliano Lorini and Sylvie Pesty and J{\'e}r{\'e}my Rivi\`{e}re},
	TITLE = {The Face of Emotions: A Logical Formalization of Expressive Speech Acts},
	BOOKTITLE = {The 10th International Conference on Autonomous Agents and Multiagent Systems - Volume 3},
	PUBLISHER = {International Foundation for Autonomous Agents and Multiagent Systems},
	PAGES = {1031--1038},
	YEAR = {2011}
} 

@INPROCEEDINGS{freitas:artificial-emotions-ready,
	AUTHOR = {Jackeline Spinola de Freitas and João Queiroz},
	TITLE = {Artificial Emotions: Are We Ready for Them?},
	BOOKTITLE = {ECAL},
	PUBLISHER = {Springer},
	EDITOR = {Fernando Almeida e Costa and Luis Mateus Rocha and Ernesto Costa and Inman Harvey and António Coutinho},
	VOLUME = {4648},
	PAGES = {223-232},
	YEAR = {2007}
}

@INPROCEEDINGS{scheutz:emotion-action-behavior,
	AUTHOR = {Matthias Scheutz},
	TITLE = {Affective Action Selection and Behavior Arbitration for Autonomous Robots},
	BOOKTITLE = {Proceedings of the 2002 International Conference on Artificial Intelligence},
	PUBLISHER = {CSREA Press},
	EDITOR = {Hamid Arabnia},
	PAGES = {334-340},
	YEAR = {2002}
}

@INPROCEEDINGS{luneski:emotion-aware-interaction,
	AUTHOR = {Andrej Luneski and Roger K. Moore},
	TITLE = {Affective Computing and Collaborative Networks: Towards Emotion-Aware Interaction},
	BOOKTITLE = {Pervasive Collaborative Networks},
	PUBLISHER = {Springer US},
	VOLUME = {283},
	PAGES = {315-322},
	YEAR = {2008}
}

@INPROCEEDINGS{parkinson:emotion-social-interaction,
	AUTHOR = {Claudia Marinetti and Penny Moore and Pablo Lucas and Brian Parkinson},
	TITLE = {Emotions in Social Interactions: Unfolding Emotional Experience},
	BOOKTITLE = {Emotion-Oriented Systems, Cognitive Technologies},
	PUBLISHER = {Springer Berlin Heidelberg},
	PAGES = {31-46},
	YEAR = {2011}
}

@INPROCEEDINGS{grosz:shared-plans,
	AUTHOR = {Barbara Grosz and Sarit Kraus},
	TITLE = {The Evolution of Shared Plans},
	BOOKTITLE = {Foundations and Theories of Rational Agency},
	PAGES = {227-262},
	YEAR = {1998}
}

@INPROCEEDINGS{marsella:modeling-tom-reasoning,
	AUTHOR = {Mei Si and Stacy C. Marsella and David V. Pynadath},
	TITLE = {Modeling appraisal in theory of mind reasoning},
	BOOKTITLE = {Journal of Autonomous Agents and Multi-Agent Systems; Proceedings of the 8th International Conference on Intelligent Virtual Agents},
	VOLUME = {20(1)},
	PAGES = {14-31},
	MONTH = {January},
	YEAR = {2010}
}

@INPROCEEDINGS{gratch:emotion-intention,
	AUTHOR = {Jonathan Gratch},
	TITLE = {True Emotion vs. Social Intentions in Nonverbal Communication: Towards a Synthesis for Embodied Conversational Agents},
	BOOKTITLE = {ZiF Workshop},
	PUBLISHER = {Springer},
	VOLUME = {4930},
	PAGES = {181-197},
	MONTH = {January},
	YEAR = {2006}
}

@INPROCEEDINGS{luneski:emotion-aware,
	AUTHOR = {Andrej Luneski and Roger K. Moore},
	TITLE = {Affective Computing and Collaborative Networks: Towards Emotion-Aware Interaction},
	BOOKTITLE = {Virtual Enterprises and Collaborative Networks},
	PUBLISHER = {Springer},
	VOLUME = {283},
	SERIES = {IFIP},
	PAGES = {315-322},
	YEAR = {2008}
}

@INPROCEEDINGS{osterholm:belief-ontology,
	AUTHOR = {{\"O}sterholm, Magnus},
	TITLE = {The ontology of beliefs from a cognitive perspective},
	BOOKTITLE = {Proceedings of the conference MAVI-15: Ongoing research on beliefs in mathematics education},
	PUBLISHER = {Department of Mathematics, University of Genoa},
	PAGES = {35-46},
	YEAR = {2010}
}

@INPROCEEDINGS{hoogendoorn:emotions-beliefs-intentions,
	AUTHOR = {Mark Hoogendoorn and Jan Treur and C. Natalie van der Wal and Arlette van Wissen},
	TITLE = {Modelling the Interplay of Emotions, Beliefs and Intentions within Collective Decision Making Based on Insights from Social Neuroscience},
	BOOKTITLE = {Proceedings of the 17th international conference on Neural information processing: theory and algorithms - Volume Part I},
	PUBLISHER = {Springer},
	VOLUME = {6443},
	SERIES = {Lecture Notes in Computer Science},
	PAGES = {196-206},
	YEAR = {2010}
}

@INPROCEEDINGS{craggs:annotating,
	AUTHOR = {Richard Craggs and  Mary McGee Wood},
	TITLE = {Annotating emotion in dialogue},
	BOOKTITLE = {Proceedings of the Fourth {SIGdial} Workshop on Discourse and Dialogue},
	PAGES = {218-225},
	YEAR = {2003}
}

@INPROCEEDINGS{craggs:categorical-annotating,
	AUTHOR = {Richard Craggs and  Mary McGee Wood},
	TITLE = {A Categorical Annotation Scheme for Emotion in the Linguistic Content of Dialogue},
	BOOKTITLE = {Affective Dialogue Systems},
	PAGES = {89-100},
	YEAR = {2004}
}

@INPROCEEDINGS{marsella:emotion-change-belief,
	AUTHOR = {Stacy Marsella and Jonathan Gratch},
	TITLE = {A step toward irrationality: using emotion to change belief},
	BOOKTITLE = {Proceedings of the first international joint conference on Autonomous agents and multiagent systems: part 1},
	PUBLISHER = {ACM},
	VOLUME = {1},
	SERIES = {AAMAS '02},
	PAGES = {334-341},
	YEAR = {2002}
}

@INPROCEEDINGS{thomaz:social-referencing,
	AUTHOR = {Andrea Lockerd Thomaz and Matt Berlin and Cynthia Breazeal},
	TITLE = {Robot science meets social science an embodied computational model of social referencing},
	BOOKTITLE = {Workshop Toward Social Mechanisms of Android Science (CogSci)},
	PAGES = {7-17},
	YEAR = {2005}
}

@INPROCEEDINGS{rich:procedural-dialogue,
	AUTHOR = {Charles Rich and Candace L. Sidner},
	TITLE = {Procedural Dialogue Authoring with Hierarchical Task Networks and Dialogue Trees},
	BOOKTITLE = {12th International Conference on Intelligent Virtual Agents},
	PAGES = {??????????????????????????????????????????????},
	YEAR = {2012}
}

@INPROCEEDINGS{scheutz:emotion-role,
	AUTHOR = {Matthias Scheutz},
	TITLE = {Useful Roles of Emotions in Artificial Agents: A Case Study from Artificial Life},
	BOOKTITLE = {Proceedings of {AAAI}},
	PUBLISHER = {AAAI Press},
	PAGES = {31--40},
	YEAR = {2004}
}

@INPROCEEDINGS{pollack:plan-inference,
	AUTHOR = {Martha E. Pollack},
	TITLE = {A Model of Plan Inference That Distinguishes Between the Beliefs of Actors and Observers},
	BOOKTITLE = {Proceedings of the 24th Annual Meeting on Association for Computational Linguistics},
	PUBLISHER = {Association for Computational Linguistics},
	PAGES = {207--214},
	YEAR = {1986}
} 

@INPROCEEDINGS{lochbaum:plan-models,
	AUTHOR = {Lochbaum, Karen E. and Grosz, Barbara J. and Sidner, Candice L.},
	TITLE = {Models of Plans to Support Communication: An Initial Report},
	BOOKTITLE = {Proceedings of the Eighth National Conference on Artificial Intelligence},
	PUBLISHER = {AAAI Press},
	PAGES = {485--490},
	YEAR = {1990}
}

@INPROCEEDINGS{pollack:plan-mental-attitudes,
    AUTHOR = {Martha E. Pollack},
    TITLE = {Plans As Complex Mental Attitudes},
    BOOKTITLE = {Intentions in Communication},
    PUBLISHER = {MIT Press},
    PAGES = {77--103},
    YEAR = {1990}
}

@INPROCEEDINGS{levesque:acting-together,
	AUTHOR = {Hector J. Levesque and Philip R. Cohen and José H. T. Nunes},
	TITLE = {On Acting Together.},
	BOOKTITLE = {AAAI},
	PUBLISHER = {AAAI Press / The MIT Press},
	PAGES = {94-99},
	YEAR = {1990}
}

@INPROCEEDINGS{shayganfar:methodology,
	AUTHOR = {Mohammad Shayganfar and Charles Rich and Candace L. Sidner},
	TITLE = {A design methodology for expressing emotion on robot faces},
	BOOKTITLE = {IROS},
	PUBLISHER = {IEEE},
	PAGES = {4577-4583},
	YEAR = {2012}
}

@INPROCEEDINGS{manso:synchronization,
	AUTHOR = {Marco Manso and James Moffat},
	TITLE = {Defining and Measuring Cognitive-Entropy and Cognitive Self-Synchronization},
	BOOKTITLE = {ICCRTS},
	YEAR = {2011}
}

@INPROCEEDINGS{dolores:socially-emotional,
	AUTHOR = {Dolores Ca$\tilde{n}$amero and Walter Van de Velde},
	TITLE = {Socially emotional: Using emotions to ground social interaction},
	BOOKTITLE = {In Working Notes of the AAAI'97 Fall Symposium on Socially Intelligent Agents},
	YEAR = {1997}
}

@INPROCEEDINGS{gratch:reverse-appraisal,
	AUTHOR = {Celso M. de Melo and Jonathan Gratch and Peter Carnevale and Stephen J. Read},
	TITLE = {Reverse Appraisal: The Importance of Appraisals for the Effect of Emotion Displays on People's Decision-making in Social Dilemma},
	BOOKTITLE = {Proceedings of the 34th Annual Meeting of the Cognitive Science Society ({CogSci})},
	YEAR = {2012}
}

@INPROCEEDINGS{birnholtz:effects-behavior,
	AUTHOR = {Jeremy Birnholtz and Nanyi Bi and Susan Fussell},
 	TITLE = {Do You See That I See?: Effects of Perceived Visibility on Awareness Checking Behavior},
	BOOKTITLE = {Proceedings of the SIGCHI Conference on Human Factors in Computing Systems},
	PUBLISHER = {ACM},
 	PAGES = {1765--1774},
 	YEAR = {2012}
}

@INPROCEEDINGS{louis:communication-dynamic,
	AUTHOR = {Louis Philippe Morency},
	TITLE = {Computational Study of Human Communication Dynamic},
	BOOKTITLE = {Proceedings of the 2011 Joint ACM Workshop on Human Gesture and Behavior Understanding},
	PUBLISHER = {ACM},
	PAGES = {13--18},
	YEAR = {2011}
}

@INPROCEEDINGS{pfeifer:robotics-emotion,
	AUTHOR    = {Rolf Pfeifer and Hiroshi Ishiguro and Yuichiro Anzai and Naomi Miyake},
	TITLE     = {Robotics and Emotion},
	BOOKTITLE = {Building Bridges Across Cognitive Sciences Around the World: Proceedings of the 34th Annual Meeting of the Cognitive Science Society; Sapporo, Japan, August 1-4, 2012},
	EDITOR    = {Naomi Miyake and David Peebles and Richard P. Cooper},
	PUBLISHER = {Cognitive Science Society},
	PAGES = {30--31},
	YEAR      = {2012}
}

@INPROCEEDINGS{sidner:discourse-collaborative-negotiation,
    AUTHOR = {Candace Sidner},
    TITLE = {An Artificial Discourse Language for Collaborative Negotiation},
    BOOKTITLE = {In Proceedings of the Twelfth National Conference on Artificial Intelligence},
    PUBLISHER = {MIT Press},
    PAGES = {814--819},
    YEAR = {1994}
}

@INPROCEEDINGS{matignon:verbal-nonverbal-collaboration,
	AUTHOR = {Laetitia Matignon and Abir Beatrice Karami and Abdel-Illah Mouaddib},
	TITLE = {A Model for Verbal and Non-Verbal Human-Robot Collaboration},
	BOOKTITLE = {AAAI Fall Symposium Series},
	PAGES = {62--67},
	YEAR = {2010},
}

@INPROCEEDINGS{scerri:prototype-distributed-teams,
	AUTHOR = {Paul Scerri and David Pynadath and Lewis Johnson and Paul Rosenbloom and Mei Si and Nathan Schurr and Milind Tambe},
	TITLE = {A Prototype Infrastructure for Distributed Robot-agent-person Teams},
	BOOKTITLE = {Proceedings of the Second International Joint Conference on Autonomous Agents and Multiagent Systems},
	PUBLISHER = {ACM},
	ADDRESS = {New York, NY, USA},
	SERIES = {AAMAS '03},
	LOCATION = {Melbourne, Australia},
	PAGES = {433--440},
	YEAR = {2003}
} 

@INPROCEEDINGS{clair:action-intention-collaboraiton,
	AUTHOR = {Aaron B. St. Clair and Maja J. Matari$\acute{c}$},
	TITLE = {Modeling Action and Intention for the Production of Coordinating Communication in Human-Robot Task Collaborations},
	BOOKTITLE = {21st IEEE International Symposium on Robot and Human Interactive Communication: Workshop on Robot Feedback in HRI},
	ADDRESS = {Paris, France},
	YEAR = {2012}
}

@INPROCEEDINGS{nikolaidis:collaboration-joint-action,
	AUTHOR = {Stefanos Nikolaidis and Przemyslaw A. Lasota and Gregory F. Rossano and Carlos Martinez and Thomas A. Fuhlbrigge and Julie A. Shah},
   	TITLE = {Human-robot collaboration in manufacturing: Quantitative evaluation of predictable, convergent joint action},
	BOOKTITLE = {ISR},
	PAGES = {1-6},
	YEAR = {2013}
}

@BOOK{murray:personality-exploration,
	AUTHOR = {Henry A. Murray},
	TITLE = {Explorations of Personality},
	PUBLISHER = {Oxford University Press, New York},
	YEAR = {1938}
}

@BOOK{schultheiss:implicit-motive,
	AUTHOR = {Oliver Schultheiss and Joachim Brunstein},
	TITLE = {Implicit Motives},
	PUBLISHER = {Oxford University Press},
	YEAR = {2010}
}

@BOOK{wright:implementation-agent-architecture,
	AUTHOR = {Ian Wright and Aaron Sloman},
	TITLE = {{MINDER1:} An Implementation of a Protoemotional Agent Architecture},
	SERIES = {Cognitive science research papers},
	PUBLISHER = {University of Birmingham, Cognitive Science Research Centre},
	YEAR = {1997}
}

@BOOK{minsky:society-mind,
	AUTHOR = {Marvin Minsky},
	TITLE = {The Society of Mind},
	PUBLISHER = {Simon \& Schuster, Inc.},
	YEAR = {1986}
} 

@BOOK{occ:structure,
    AUTHOR = {Andrew Ortony and Gerald L. Clore and Allan Collins},
    TITLE = {The Cognitive Structure of Emotions},
    PUBLISHER = {Cambridge University Press},
    YEAR = {1988}
}

@BOOK{frijda:emotions-beliefs,
    AUTHOR = {Nico H. Frijda and Antony S. R. Manstead and Sacha Bem},
    TITLE = {Emotions and Beliefs: How Feelings Influence Thoughts},
    PUBLISHER = {Cambridge University Press},
    YEAR = {2000}
}

@BOOK{frijda:emotions,
    AUTHOR = {Nico H. Frijda},
    TITLE = {The Emotions},
    PUBLISHER = {Cambridge University Press},
    YEAR = {1986}
}

@BOOK{coelho:coping,
    AUTHOR = {George V. Coelho, David A. Hamburg, John Evi Adams},
    TITLE = {Coping and adaptation},
    PUBLISHER = {Basic Books},
    YEAR = {1974}
}

@BOOK{niedenthal:psychology-emotion,
    AUTHOR = {Paula Niedenthal and Silvia Krauth-Gruber and Francois Ric},
    TITLE = {Psychology of Emotion: Interpersonal, Experiential, and Cognitive Approaches (Principles of Social Psychology)},
    PUBLISHER = {Psychology Press},
    YEAR = {2006}
}

@BOOK{arnold:emotion-personality,
    AUTHOR = {Magda B. Arnold},
    TITLE = {Emotion and personality, Volume 1},
    PUBLISHER = {Cassell & Co.},
    YEAR = {1961}
}

@BOOK{simon:models-thought,
    AUTHOR = {Herbert A. Simon},
    TITLE = {Models of Thought},
    PUBLISHER = {Yale University Press},
    YEAR = {1979}
}

@BOOK{cohen:intentions,
    AUTHOR = {Philip R. Cohen and Jerry Morgan and Martha E. Pollack},
    TITLE = {Intentions in Communication},
    PUBLISHER = {A Bradford Book},
    YEAR = {1990}
}

@BOOK{picard:affective-computing,
    AUTHOR = {Rosalind W. Picard},
    TITLE = {Affective Computing},
    PUBLISHER = {The MIT Press},
    YEAR = {2000}
}

@BOOK{tiedens:social-life,
    AUTHOR = {Larissa Z. Tiedens and Colin Wayne Leach},
    TITLE = {The Social Life of Emotions (Studies in Emotion and Social Interaction)},
    PUBLISHER = {Cambridge University Press},
    YEAR = {2004}
}

@BOOK{kemper:social-emotion,
    AUTHOR = {Theodore D. Kemper},
    TITLE = {A Social Interactional Theory of Emotions},
    PUBLISHER = {John Wiley & Sons},
    YEAR = {1978}
}

@BOOK{lazarus:appraisal-coping,
    AUTHOR = {Richard Stanley Lazarus and Susan Folkman},
    TITLE = {Stress, Appraisal, and Coping},
    PUBLISHER = {Springer Publishing Company},
    YEAR = {1984}
}

@BOOK{lazarus:emotion-adaptation,
    AUTHOR = {Richard Stanley Lazarus},
    TITLE = {Emotion and Adaptation},
    PUBLISHER = {OXFORD University Press},
    YEAR = {1991}
}

@BOOK{scherer:appraisal-processes,
    AUTHOR = {Klaus R. Scherer and Angela Schorr and Tom Johnstone},
    TITLE = {Appraisal Processes in Emotion: Theory, Methods, Research: Theory, Methods, Research},
    PUBLISHER = {Oxford University Press},
    YEAR = {2001}
}

@BOOK{audi:action-intention,
    AUTHOR = {Robert Audi},
    TITLE = {Action, Intention, and Reason},
    PUBLISHER = {Cornell University Press},
    YEAR = {1993}
}

@BOOK{fitzpatrick:action-intention,
    AUTHOR = {Kevin Fitzpatrick},
    TITLE = {Meaning, Intention and Intentionality},
    PUBLISHER = {University College of Swansea},
    YEAR = {1990}
}

@BOOK{malle:intention-intentionality,
    AUTHOR = {Bertram F. Malle and Louis J. Moses and Dare A. Baldwin},
    TITLE = {Intentions and Intentionality: Foundations of Social Cognition},
    PUBLISHER = {MIT Press},
    YEAR = {2001}
}

@BOOK{elen:links-beliefs,
    AUTHOR = {Jan Elen},
    TITLE = {Links Between Beliefs and Cognitive Flexibility: Lessons Learned},
    PUBLISHER = {Springer},
    YEAR = {2011}
}

@BOOK{dreyfus:artificial-critique,
	AUTHOR = {Dreyfus, Hubert L.},
	TITLE = {What Computers Still Can'T Do: A Critique of Artificial Reason},
	YEAR = {1992},
	PUBLISHER = {MIT Press}
}

@BOOK{cohen:teamwork,
	TITLE = {Teamwork},
	AUTHOR = {Philip Cohen and Hector J. Levesque},
	YEAR = {1991},
	PUBLISHER = {SRI International}
}

@BOOK{schon:reflection,
	TITLE = {Educating the Reflective Practitioner: Toward a New Design for Teaching and Learning in the Professions},
	AUTHOR = {Donald A. Schon},
	YEAR = {1987},
	PUBLISHER = {Wiley}
}

@BOOK{graham:motivation,
	TITLE = {Theories and Principles of Motivation},
	AUTHOR = {Sandra Graham and Bernard Weiner},
	YEAR = {1996},
	PUBLISHER = {Prentice Hall}
}

@BOOK{beck:motivation,
	TITLE = {Motivation: Theories and Principles},
	AUTHOR = {Robert Beck},
	YEAR = {2003},
	PUBLISHER = {Pearson}
}

@BOOK{bach:psi,
	TITLE = {Principles of Synthetic Intelligence PSI: An Architecture of Motivated Cognition},
	AUTHOR = {Bach, Joscha},
	YEAR = {2009},
	PUBLISHER = {Oxford University Press, Inc.}
}

@BOOK{aristotle:ethics,
	TITLE = {The Nicomachean Ethics},
	AUTHOR = {Aristotle},
	YEAR = {2009},
	PUBLISHER = {George Bell and Sons}
}

@BOOK{sousa:rationality-emotion,
	TITLE = {The Rationality of Emotion},
	AUTHOR = {Ronald De Sousa},
	YEAR = {1990},
	PUBLISHER = {MIT Press}
}

@BOOK{coan:emotion-dyadic,
	TITLE = {Handbook of Emotion Elicitation and Assessment},
	AUTHOR = {James A. Coan and John J.B. Allen},
	YEAR = {2007},
	PUBLISHER = {Oxford University Press, USA}
}

@BOOK{wisecup:sociology-emotions,
	BOOKTITLE = {21st Century Sociology},
	TITLE = {The Sociology of Emotions},
	AUTHOR = {Allison K. Wisecup and Dawn T. Robinson and Lynn Smith-Lovin},
	YEAR = {2007},
	PUBLISHER = {SAGE Publications, Inc.}
}

@BOOK{planalp:communicating-emotion,
	TITLE = {Communicating Emotion: Social, Moral, and Cultural Processes},
	AUTHOR = {Sally Planalp},
	YEAR = {1999},
	PUBLISHER = {Cambridge University Press}
}

@BOOK{goffman:self-presentation,
    TITLE = {The Presentation of Self in Everyday Life},
    AUTHOR = {Erving Goffman},
    YEAR = {1959},
    PUBLISHER = {Anchor}
}

@BOOK{mcclelland:human-motivaiton,
    TITLE = {Human Motivation},
    AUTHOR = {David C. McClelland},
    YEAR = {1985},
    PUBLISHER = {Scott, Foresman}
}

@BOOK{darwin:emotion-expression,
	TITLE = {The expression of the emotions in man and animals},
	AUTHOR = {Charles Darwin},
	YEAR = {1916},
	PUBLISHER = {New York; D. Appleton and Co.}
}

@BOOK{laming:understanding-motivation,
	TITLE = {Understanding Human Motivation: What Makes People Tick},
	AUTHOR = {Donald Laming},
	YEAR = {2003},
	PUBLISHER = {Wiley}
}

@BOOK{brody:motivation-goal-action,
	TITLE = {Human motivation: commentary on goal-directed action},
	AUTHOR = {Nathan Brody},
	YEAR = {1983},
	PUBLISHER = {Academic Press New York}
}

@BOOK{atkinson:motives-action-society,
	TITLE = {Motives in fantasy, action, and society: a method of assessment and study},
	AUTHOR = {John William Atkinson},
	YEAR = {1958},
	PUBLISHER = {Van Nostrand}
}

@BOOK{laird:soar,
	TITLE = {The Soar Cognitive Architecture},
	AUTHOR = {John Laird},
	YEAR = {2012},
	PUBLISHER = {MIT Press}
}

@BOOK{anderson:act-r,
	TITLE = {The Atomic Components of Thought},
	AUTHOR = {John Robert Anderson, Christian Lebiere},
	YEAR = {1998},
	PUBLISHER = {Lawrence Erlbaum Associates}
}

@INCOLLECTION{ellsworth:appraisal-processes,
    AUTHOR = {Phoebe C. Ellsworth and Klaus R. Scherer},
    TITLE = {Appraisal Processes in Emotion},
    BOOKTITLE = {Handbook of affective sciences},
    PUBLISHER = {Oxford Univ. Press},
    ADDRESS = {Oxford},
    PAGES = {572-595},
    YEAR = {2003}
}

@INCOLLECTION{parkinson:social,
	AUTHOR = {Claudia Marinetti, Penny Moore, Pablo Lucas and Brian Parkinson},
	TITLE = {Emotions in Social Interactions: Unfolding Emotional Experience},
	BOOKTITLE = {Emotion-Oriented Systems},
	PUBLISHER = {Springer-Verlag Berlin Heidelberg},
	SERIES = {Cognitive Technologies},
	ADDRESS = {London, New York},
	PAGES = {31-46},
	MONTH = {March}, 
	YEAR = {2011}
}

@INCOLLECTION{cowie:concepts-definitions,
	AUTHOR = {Roddy Cowie and Naomi Sussman, and Aaron Ben-Ze'ev},
	TITLE = {Emotion: Concepts and Definitions},
	BOOKTITLE = {Emotion-Oriented Systems},
	PUBLISHER = {Springer-Verlag Berlin Heidelberg},
	SERIES = {Cognitive Technologies},
	ADDRESS = {London, New York},
	PAGES = {9-30},
	MONTH = {March}, 
	YEAR = {2011}
}

@INCOLLECTION{bratman:intention,
	AUTHOR = {Michael E. Bratman},
	TITLE = {What is Intention?},
	BOOKTITLE = {Intentions in Communication},
	PUBLISHER = {The MIT Press},
	SERIES = {Cognitive Technologies},
	ADDRESS = {Cambridge, MA},
	PAGES = {15-32},
	MONTH = {June}, 
	YEAR = {1990}
}

@INCOLLECTION{marsella:computational,
	AUTHOR = {Stacy C. Marsella and Jonathan Gratch and Paola Petta},
	TITLE = {Computational Models of Emotion},
	BOOKTITLE = {Blueprint for Affective Computing (Series in Affective Science)},
	PUBLISHER = {Oxford University Press},
	ADDRESS = {Oxford},
	YEAR = {2010}
}

@INCOLLECTION{griffiths:machiavellian,
	AUTHOR = {Paul E. Griffiths},
	TITLE = {Towards a `Machiavellian' theory of emotional appraisal},
	BOOKTITLE = {Emotion, Evolution and Rationality},
	PUBLISHER = {Oxford University Press},
	PAGES = {89-105},
	ADDRESS = {Oxford},
	YEAR = {2004}
}

@INCOLLECTION{dillenbourg:collaborative-learning,
	AUTHOR = {Pierre Dillenbourg},
	TITLE = {What do you mean by collaborative learning?},
	BOOKTITLE = {Collaborative-learning: Cognitive and Computational Approaches},
	PUBLISHER = {Elsevier},
	PAGES = {1-19},
	ADDRESS = {Oxford},
	YEAR = {1999}
}

@INCOLLECTION{scheutz:affective-goal,
	AUTHOR = {Matthias Scheutz and Paul Schermerhorn},
	TITLE = {Affective Goal and Task Selection for Social Robots},
	BOOKTITLE = {The Handbook of Research on Synthetic Emotions and Sociable Robotics},
	PUBLISHER = {IGI Global},
	PAGES = {74-87},
	YEAR = {2009}
}

@INCOLLECTION{cohen:intention-commitment,
	AUTHOR = {Philip R. Cohen and Hector J. Levesque},
	TITLE = {Persistence, Intention, and Commitment},
	YEAR = {1990},
	BOOKTITLE = {Intentions in Communication},
	EDITOR = {Philip R. Cohen and Jerry Morgan and Martha E. Pollack},
	PUBLISHER = {MIT Press},
	ADDRESS = {Cambridge, MA},
	PAGES = {33-69}
}

@INCOLLECTION{grosz:plans-discourse,
	AUTHOR = {Barbara J. Grosz and Candace L. Sidner},
	TITLE = {Plans for Discourse},
	YEAR = {1990},
	BOOKTITLE = {Intentions in Communication},
	EDITOR = {P. R. Cohen and J. Morgan and M. E. Pollack},
	PUBLISHER = {MIT Press},
	ADDRESS = {Cambridge, MA},
	PAGES = {417-444},
	KEYWORDS = {plans, pragmatics}
}

@INCOLLECTION{Litman:discourse-commonsense,
	AUTHOR = {D. J. Litman and J. F. Allen},
	TITLE = {Discourse Processing and Commonsense Plans},
	YEAR = {1990},
	BOOKTITLE = {Intentions in Communication},
	EDITOR = {P. R. Cohen and J. Morgan and M. E. Pollack},
	PUBLISHER = {MIT Press},
	ADDRESS = {Cambridge, MA},
	PAGES = {365-388},
	KEYWORDS = {plans, pragmatics}
}

@INCOLLECTION{scherer:nature-function-emotion,
    AUTHOR = {Klaus R. Scherer},
    TITLE = {On the nature and function of emotion: A component process approach},
    YEAR = {1984},
    BOOKTITLE = {Approaches To Emotion},
    EDITOR = {Klaus R. Scherer and Paul Ekman},
    PUBLISHER = {Lawrence Erlbaum},
    ADDRESS = {Hillsdale, NJ},
    PAGES = {293-317},
    KEYWORDS = {emotion-measurement, emotion-model}
}

@INCOLLECTION{pynadath:modeling-tom-appraisal,
	AUTHOR = {David V. Pynadath and Mei Si and Stacy C. Marsella},
	TITLE = {Modeling Theory of Mind and Cognitive Appraisal with Decision-Theoretic Agents},
	YEAR = {2011},
	BOOKTITLE = {Appraisal},
	PUBLISHER = { },
	PAGES = {1-30},
	KEYWORDS = {Social Simulation}
}

@INCOLLECTION{bach:motivaitional-system-ai,
	AUTHOR = {Joscha Bach},
	TITLE = {A Motivational System for Cognitive AI},
	YEAR = 2011,
	BOOKTITLE = {Artificial General Intelligence},
	EDITOR = {J$\ddot{u}$rgen Schmidhuber and Kristinn R. Th$\acute{o}$risson and Moshe Looks},
	VOLUME = {6830},
	SERIES = {Lecture Notes in Computer Science},
	PUBLISHER = {Springer Berlin Heidelberg},
	PAGES = {232-242},
	KEYWORDS = {Artificial General Intelligence; Cognitive AI; Synthetic Intelligence; Psi theory; Motivation; Motivational System; Cognitive Architectures}
}

@INCOLLECTION{andriessen:disourse-planning,
    AUTHOR = {Jerry Andriessen and Koenraad de Smedt and Michael Zock},
    TITLE = {Discourse planning: {E}mpirical research and computer models},
    YEAR = 1996,
    BOOKTITLE = {Computational psycholinguistics: AI and connectionist models of human language processing},
    EDITOR = {Anton Dijkstra and Koenraad de Smedt},
    PAGES = {247-278},
    PUBLISHER = {Taylor \& Francis},
    KEYWORDS = {discourse, diss}
}

@INCOLLECTION{corkill:blackboard-pros,
    AUTHOR = {D. D. Corkill and K. Q. Gallagher and P. M. Johnson},
    TITLE = {Achieving Flexibility, Efficiency, and Generality in Blackboard Architectures},
    YEAR = 1988,
    BOOKTITLE = {Readings in Distributed Artificial Intelligence},
    EDITOR = {Bond, A. H. and Gasser, L.},
    PAGES = {541-546},
    PUBLISHER = {Kaufmann},
    KEYWORDS = {flexibility, software-architecture, software-quality}
}

@INCOLLECTION{brave:emotion-hci,
	AUTHOR = {Scott Brave and Clifford Nass},
	TITLE = {Emotion in Human-computer Interaction},
	BOOKTITLE = {The Human-computer Interaction Handbook},
	YEAR = 2003,
	EDITOR = {Jacko, Julie A. and Sears, Andrew},
	PAGES = {81-96},
	PUBLISHER = {L. Erlbaum Associates Inc.}
}